% This file was created with JabRef 2.9.1.
% Encoding: UTF8

@ARTICLE{BK11,
  author = {Bergero, F. and Kofman, E.},
  title = {{PowerDEVS. A Tool for Hybrid System Modeling and Real Time Simulation}},
  journal = {Simulation: Transactions of the Society for Modeling and Simulation
	International},
  year = {2011},
  volume = {87},
  pages = {113--132},
  number = {1--2},
  http = {http://sim.sagepub.com/content/87/1-2/113},
  url = {files/bergero_kofman_pd.pdf}
}

@ARTICLE{Kof03b,
  author = {Kofman, E.},
  title = {{Quantized-State Control. A Method for Discrete Event Control of
	Continuous Systems.}},
  journal = {Latin American Applied Research},
  year = {2003},
  volume = {33},
  pages = {399--406},
  number = {4},
  http = {http://www.laar.uns.edu.ar/indexes/artic_v3304/33_4_p399.pdf},
  url = {files/qsc_paper.pdf}
}

@ARTICLE{ManRTI,
  author = {Mantegazza, P. and Dozio, E. L. and Papacharalambous, S.},
  title = {RTAI: Real Time Application Interface},
  journal = {Linux J.},
  year = {2000},
  volume = {2000},
  number = {72es},
  month = apr,
  acmid = {348564},
  address = {Houston, TX},
  articleno = {10},
  issn = {1075-3583},
  issue_date = {April 2000},
  publisher = {Belltown Media},
  url = {http://dl.acm.org/citation.cfm?id=348554.348564}
}

